<?xml version="1.0" encoding="UTF-8"?><record xmlns="http://www.loc.gov/MARC21/slim" xmlns:cinclude="http://apache.org/cocoon/include/1.0" xmlns:zs="http://www.loc.gov/zing/srw/">
  <leader>00596nz  a2200145n  4500</leader>
  <controlfield tag="001">no2005030725</controlfield>
  <controlfield tag="003">DLC</controlfield>
  <controlfield tag="005">20050405052203.0</controlfield>
  <controlfield tag="008">050404n| acannaabn          |n aaa     c</controlfield>
  <datafield tag="010" ind1=" " ind2=" ">
    <subfield code="a">no2005030725</subfield>
  </datafield>
  <datafield tag="035" ind1=" " ind2=" ">
    <subfield code="a">(OCoLC)oca06600369</subfield>
  </datafield>
  <datafield tag="040" ind1=" " ind2=" ">
    <subfield code="a">MsCleD</subfield>
    <subfield code="b">eng</subfield>
    <subfield code="c">MsCleD</subfield>
  </datafield>
  <datafield tag="100" ind1="1" ind2=" ">
    <subfield code="a">Mallory, Philip Rogers,</subfield>
    <subfield code="d">1885-1975</subfield>
  </datafield>
  <datafield tag="670" ind1=" " ind2=" ">
    <subfield code="a">Mystic Seaport and the origins of freedom!, 1954:</subfield>
    <subfield code="b">t.p. (Philip R. Mallory)</subfield>
  </datafield>
  <datafield tag="670" ind1=" " ind2=" ">
    <subfield code="a">OCLC, April 4, 2005</subfield>
    <subfield code="b">(hdgs.: Mallory, Philip Rogers, 1885-1975; Mallory, Philip Rogers, 1885-; Mallory, Philip Rogers; Mallory, Philip R.; usage: Philip Rogers Mallory; Philip R. Mallory)</subfield>
  </datafield>
</record>